%% This BibTeX bibliography file was created using BibDesk.
%% https://bibdesk.sourceforge.io/

%% Created for Neele Elbersgerd at 2021-05-02 16:36:20 +0200 


%% Saved with string encoding Unicode (UTF-8) 




@comment{BibDesk Smart Groups{
<?xml version="1.0" encoding="UTF-8"?>
<!DOCTYPE plist PUBLIC "-//Apple//DTD PLIST 1.0//EN" "http://www.apple.com/DTDs/PropertyList-1.0.dtd">
<plist version="1.0">
<array>
	<dict>
		<key>conditions</key>
		<array>
			<dict>
				<key>comparison</key>
				<integer>4</integer>
				<key>key</key>
				<string>Color Label</string>
				<key>value</key>
				<string>35802111</string>
				<key>version</key>
				<string>1</string>
			</dict>
		</array>
		<key>conjunction</key>
		<integer>0</integer>
		<key>group name</key>
		<string>citedalready</string>
	</dict>
	<dict>
		<key>conditions</key>
		<array>
			<dict>
				<key>comparison</key>
				<integer>2</integer>
				<key>key</key>
				<string>Title</string>
				<key>value</key>
				<string>conscious</string>
				<key>version</key>
				<string>1</string>
			</dict>
			<dict>
				<key>comparison</key>
				<integer>2</integer>
				<key>key</key>
				<string>Title</string>
				<key>value</key>
				<string>awareness</string>
				<key>version</key>
				<string>1</string>
			</dict>
			<dict>
				<key>comparison</key>
				<integer>2</integer>
				<key>key</key>
				<string>Title</string>
				<key>value</key>
				<string>consciousness</string>
				<key>version</key>
				<string>1</string>
			</dict>
			<dict>
				<key>comparison</key>
				<integer>2</integer>
				<key>key</key>
				<string>Title</string>
				<key>value</key>
				<string>aware</string>
				<key>version</key>
				<string>1</string>
			</dict>
		</array>
		<key>conjunction</key>
		<integer>1</integer>
		<key>group name</key>
		<string>conscious</string>
	</dict>
	<dict>
		<key>conditions</key>
		<array>
			<dict>
				<key>comparison</key>
				<integer>2</integer>
				<key>key</key>
				<string>Title</string>
				<key>value</key>
				<string>electrodermal</string>
				<key>version</key>
				<string>1</string>
			</dict>
			<dict>
				<key>comparison</key>
				<integer>2</integer>
				<key>key</key>
				<string>Title</string>
				<key>value</key>
				<string>conductance</string>
				<key>version</key>
				<string>1</string>
			</dict>
		</array>
		<key>conjunction</key>
		<integer>1</integer>
		<key>group name</key>
		<string>electrodermal</string>
	</dict>
	<dict>
		<key>conditions</key>
		<array>
			<dict>
				<key>comparison</key>
				<integer>2</integer>
				<key>key</key>
				<string>Title</string>
				<key>value</key>
				<string>Instruction</string>
				<key>version</key>
				<string>1</string>
			</dict>
		</array>
		<key>conjunction</key>
		<integer>0</integer>
		<key>group name</key>
		<string>Instruction</string>
	</dict>
	<dict>
		<key>conditions</key>
		<array>
			<dict>
				<key>comparison</key>
				<integer>2</integer>
				<key>key</key>
				<string>Title</string>
				<key>value</key>
				<string>instruction</string>
				<key>version</key>
				<string>1</string>
			</dict>
			<dict>
				<key>comparison</key>
				<integer>2</integer>
				<key>key</key>
				<string>Title</string>
				<key>value</key>
				<string>instruct</string>
				<key>version</key>
				<string>1</string>
			</dict>
		</array>
		<key>conjunction</key>
		<integer>1</integer>
		<key>group name</key>
		<string>instruction</string>
	</dict>
	<dict>
		<key>conditions</key>
		<array>
			<dict>
				<key>comparison</key>
				<integer>2</integer>
				<key>key</key>
				<string>Title</string>
				<key>value</key>
				<string>startle</string>
				<key>version</key>
				<string>1</string>
			</dict>
		</array>
		<key>conjunction</key>
		<integer>0</integer>
		<key>group name</key>
		<string>startle</string>
	</dict>
	<dict>
		<key>conditions</key>
		<array>
			<dict>
				<key>comparison</key>
				<integer>2</integer>
				<key>key</key>
				<string>Title</string>
				<key>value</key>
				<string>trial</string>
				<key>version</key>
				<string>1</string>
			</dict>
		</array>
		<key>conjunction</key>
		<integer>0</integer>
		<key>group name</key>
		<string>trial</string>
	</dict>
</array>
</plist>
}}
